@online{proofwikiUnaryTruth,
  author = {ProofWiki},
  title = {Unary Truth Functions},
  year = {Accessed 2024},
  url = {https://proofwiki.org/wiki/Unary_Truth_Functions},
  note = {Last accessed April 2, 2024},
}

